<?xml version="1.0" encoding="UTF-8"?><collection xmlns="http://www.loc.gov/MARC21/slim"><record><leader>00644nam--2200193-i-4500</leader><controlfield tag="001">000043972</controlfield><controlfield tag="002">20161230</controlfield><controlfield tag="005">20161230201044</controlfield><controlfield tag="008">060222s1000------------r-----000-0-eng-d</controlfield><datafield ind1=" " ind2=" " tag="040"><subfield code="a">IFIN-HH</subfield></datafield><datafield ind1=" " ind2=" " tag="080"><subfield code="a">537.311.33:539.2:546/(061.3)</subfield></datafield><datafield ind1="1" ind2=" " tag="100"><subfield code="a">Brodsky, M.H</subfield></datafield><datafield ind1="1" ind2="0" tag="245"><subfield code="a">Tetrahedrally bonded amorphous semiconductors (yorktown heights 1974). aip conference proceedings. number 20</subfield><subfield code="c">M.h. brodsky, s. kirkpatrick, d. weaire (eds.)</subfield></datafield><datafield ind1=" " ind2=" " tag="260"><subfield code="a">New York</subfield><subfield code="b">American Institute Of Physics</subfield><subfield code="c">1974</subfield></datafield><datafield ind1=" " ind2=" " tag="300"><subfield code="a">369P</subfield></datafield><datafield ind1=" " ind2=" " tag="490"><subfield code="a">Aip Conference Proceedings, 20</subfield></datafield><datafield ind1="1" ind2=" " tag="700"><subfield code="a">Weaire, D</subfield><subfield code="e">Ed</subfield></datafield><datafield ind1=" " ind2=" " tag="852"><subfield code="a">37027</subfield><subfield code="c">53</subfield></datafield><datafield ind1=" " ind2=" " tag="CAT"><subfield code="a">Sys</subfield><subfield code="c">20150313</subfield><subfield code="h">083533</subfield></datafield></record></collection>